@STRING{IEEE_M_COM = "{IEEE} Commun. Mag."}
@STRING{IEEE_J_BCAS = "{IEEE} Trans. Biomed. Circuits Syst."}
@STRING{IEEE_J_ES = "{IEEE} Embedded Syst. Lett."}
@STRING{IEEE_J_IOT = "{IEEE} Internet Things J."}
@STRING{IEEE_M_MICRO = "{IEEE} Micro"}
@STRING{IEEE_J_CASI_RP = "{IEEE} Trans. Circuits Syst. {I}"}
@STRING{IEEE_J_JSSC = "{IEEE} J. Solid-State Circuits"}
@STRING{IEEE_J_CAD = "{IEEE} Trans. Comput.-Aided Design Integr. Circuits Syst."}
@STRING{IEEE_J_MTT = "{IEEE} Trans. Microw. Theory Techn."}
@STRING{IEEE_J_SYST = "{IEEE} Syst. J."}
@STRING{IEEE_O_CSTO = "{IEEE} Commun. Surveys Tuts."}

@book{rfid_handbook,
	title = "RFID Handbook",
	author = "Klaus Finkenzeller",
	year = "2010",
	publisher = {John Wiley \& Sons, Ltd.},
	address = "West Sussex, United Kingdom"
}

@online{mathlib_website,
	author = "Texas Instruments",
	year = "2016",
	title = "Floating Point Math Library for MSP430",
	url = "http://www.ti.com/tool/mspmathlib",
	lastaccessed = "April 1, 2017"
}

@online{msp430_spec,
	author = "Texas Instruments",
	title = "MSP430FR59xx Mixed-Signal Microcontrollers (Rev. F)",
	url = "http://www.ti.com/lit/pdf/slas704",
	year = "2017",
	month = mar,
	lastaccessed = "April 9, 2017"
}

@online{mspdevkit_website,
	title = "MSP430FR5969 LaunchPad Development Kit",
	author = "Texas Instruments",
	url = "http://www.ti.com/tool/msp-exp430fr5969",
	year = "2015",
	month = jan,
	lastaccessed = "April 9, 2017"
}

@article{prasad_comst_2014,
	title = "Reincarnation in the Ambiance: Devices and Networks with Energy Harvesting",
	author = " R. Venkatesha {Prasad} and Shruti {Devasenapathy} and Vijay S. {Rao} and Javad Vazifehdan",
	journal = IEEE_O_CSTO,
	year = "2014",
	volume = 11,
	number = "1",
	month = "First Quarter",
	pages = "195--213",
	publisher = "IEEE"
	}

@inproceedings{alippi_vitae_2009,
	author = "Cesare {Alippi} and Cristian {Galperti}",
	title = "Energy Storage Mechanisms in Low Power Embedded Systems: Twin Batteries and Supercapacitors",
	year = "2009",
	booktitle = "Proc. Wireless Vitae",
	month = may # " 17--20,",
	address = "Aalborg, Denmark",
	pages = "31--35",
	publisher = "IEEE"
	}

@article{coughlin_cem_2015,
	author = "Tom Coughlin and {IEEE Consumer Electronics Society Future Directions Committee}",
	title = "A Moore's Law for Mobile Energy",
	journal = "{IEEE} Consumer Electronics Magazine",
	year = "2015",
	month = jan,
	volume = "4",
	number = "1",
	pages = "74--82",
	publisher = "IEEE"
}

@article{bertino_tit_2016,
	author = "Elisa Bertino and Kim-Kwang Raymond Choo and Dimitrios Georgakopolous and Surya Nepal",
	title = "Internet of Things (IoT): Smart and Secure Service Delivery",
	pages = "22:1--22:7",
	journal = "ACM Trans. Internet Technol.",
	volume = {16},
	number = {4},
 	month = dec,
 	year = {2016},
	publisher = "ACM"
	}

@article{shaikh_syst_2015,
	author = "Faisal Karim Shaikh and Sherali Zeadally and Ernesto Exposito",
	title = "Enabling Technologies for Green Internet of Things",
	year = "2015",
	volume = "",
	number = "",
	month = "",
	pages = "",
	journal = IEEE_J_SYST,
	none = "accepted for publication",
	publisher = "IEEE"
	}

@article{pinuela_mtt_2013,
	author = "Manuel {Pi{\~{n}}uela} and Paul D. {Mitcheson} and Stepan {Lucyszyn}",
	title = "Ambient {RF} Energy Harvesting in Urban and Semi-Urban Environments",
	journal = IEEE_J_MTT,
	volume = "61",
	number = "7",
	year = "2013",
	month = jul,
	pages = "2715--2726",
	publisher = "IEEE"
	}

@article{ma2016nonvolatile,
	title = {Nonvolatile Processor Architectures: Efficient, Reliable Progress with Unstable Power},
	author = {Kaisheng Ma and Xueqing Li and Karthik Swaminathan and Yang Zheng and Shuangchen Li and Yongpan Liu and Yuan Xie and John Jack Sampson and Vijaykrishnan Narayanan},
	journal = IEEE_M_MICRO,
	volume = {36},
	number = {3},
	month = "May--Jun.",
	pages = {72--83},
	year = {2016},
	publisher = {IEEE}
}

@article{su2017ferroelectric,
	title = {A Ferroelectric Nonvolatile Processor with 46$\mu s$ System-Level Wake-up Time and 14$\mu s$ Sleep Time for Energy Harvesting Applications},
	author = {Fang Su and Yongpan Liu and Yiqun Wang and Huazhong Yang},
	journal = IEEE_J_CASI_RP,
	volume = {64},
	number = {3},
	month = mar,
	pages = {596--607},
	year = {2017},
	publisher = {IEEE}
}

@inproceedings{bhatti2016efficient,
	title = {Efficient State Retention for Transiently-powered Embedded Sensing},
	author = {Naveed Anwar Bhatti and Luca Mottola},
	booktitle = {Proc. EWSN},
	pages = {137--148},
	month = feb # " 15--17,",
	year = {2016},
	address = "Graz, Austria",
	publisher = "Junction Publishing"
}

@inproceedings{chen2009surviving,
	title = {Surviving Sensor Network Software Faults},
	author = {Yang Chen and Omprakash Gnawali and Maria Kazandjieva and Philip Levis and John Regehr},
	booktitle = {Proc. SOSP},
	pages = {235--246},
	year = {2009},
	address = "Big Sky, MT, USA",
	month = oct # " 11--19,",
	publisher = {ACM}
}

@article{quazi_jssc_2012,
	title = "A Low-Voltage 1 Mb FRAM in 0.13 $\mu$m CMOS Featuring 
	Time-to-Digital Sensing for Expanded Operating Margin",
	author = "Masood {Qazi} and Michael {Clinton} and Steven {Bartling} and Anantha P. {Chandrakasan}",
	journal = IEEE_J_JSSC,
	volume = "47",
	number = "1",
	pages = "141--150",
	year = "2012",
	month = jan,
	publisher = "IEEE"
}

@article{qazi_fram_2014,
	title  ={A 3.4-pJ FeRAM-Enabled D Flip-Flop in 0.13 $\mu$m CMOS for Nonvolatile Processing in Digital Systems},
	author = {Masood {Qazi} and Ajith {Amerasekera} and Anantha P. {Chandrakasan}},
	journal = IEEE_J_JSSC,
	volume = {49},
	number = {1},
	pages = {202--211},
	year = {2014},
	month = jan,
	publisher = {IEEE}
}

@article{balsamo2016hibernus++,
	title = {Hibernus++: a Self-calibrating and Adaptive System for Transiently-powered Embedded Devices},
	author = {Domenico Balsamo and Alex S. Weddell and Anup Das and Alberto Rodriguez Arreola and Davide Brunelli and Bashir M. Al-Hashimi and Geoff V. Merrett and Luca Benini},
	journal = IEEE_J_CAD,
	volume = {35},
	number = {12},
	month = "",
	pages = {1968--1980},
	year = {2016},
	publisher = {IEEE}
}

@inproceedings{buettner2011dewdrop,
	title = {Dewdrop: an Energy-aware Runtime for Computational RFID},
	author = {Michael Buettner and Ben Greenstein and David Wetherall},
	booktitle = {Proc. NSDI},
	pages = {197--210},
	address = "Boston, MA, USA",
	year = {2011},
	month = {Mar. 30~--~Apr. 1,},
	publisher = {USENIX}
}

@inproceedings{ransford_mspc_2014,
	author = "Benjamin Ransford and Brandon Lucia",
	title = "Nonvolatile Memory is a Broken Time Machine",
	year = "2014",
	booktitle = "Proc. MSPC",
	address = "Edinburgh, United Kingdom",
	month = jun # " 14,",
	pages = "5:1--5:3",
	publisher = "ACM",
}

@inproceedings{aantjes_infocom_2017,
	author = "Henko {Aantjes} and Amjad Y. {Majid} and Przemyslaw {Pawe{\l}czak} and Jethro {Tan} and Aaron {Parks} and Joshua R. {Smith}",
	title = "Fast Downstream to Many (Computational) {RFIDs}",
	year = "2017",
	booktitle = "Proc. INFOCOM",
	address = "Atlanta, GA, USA",
	month = may # " 1--4,",
	pages = "1--9",
	publisher = "IEEE"
}

@inproceedings{chouchang_infocom_2017,
	author = "Yang Chouchang and Jeremy Gummeson and Alanson Sample",
	title = "Riding the Airways: Ultrawideband Ambient Backscatter via Commercial Broadcast Systems",
	year = "2017",
	booktitle = "Proc. INFOCOM",
	address = "Atlanta, GA, USA",
	month = may # " 1--4,",
	pages = "1--9",
	publisher = "IEEE"
}

@inproceedings{naderiparizi_rfid_2016,
	author = "Saman {Naderiparizi} and Aaron N. {Parks} and Farshid Salemi {Parizi} and Joshua R. {Smith}",
	title = "$\mu$Monitor: In-situ Energy Monitoring with Microwatt Power Consumption",
	booktitle = "Proc. RFID",
	year = "2016",
	pages = "1--8",
	address = "Orlando, FL, USA",
	month = may # " 3--5,",
	publisher = "IEEE"
	}

@inproceedings{tan_infocom_2016,
	author = {Jethro {Tan} and Przemys{\l}aw {Pawe{\l}czak} and Aaron {Parks} and Joshua R. {Smith}}, 
	booktitle = {Proc. INFOCOM}, 
	title = {Wisent: Robust Downstream Communication and Storage for Computational {RFIDs}}, 
	year = {2016},
	pages = "1--9",
	month = apr # " 10--15,", 
	address = {San Francisco, CA, USA},
	publisher = "IEEE"
	}

@inproceedings{smith_ubicomp_2006,
	 title = {A Wirelessly-Powered Platform for Sensing and Computation},
	 author = {Joshua R. {Smith} and Alanson P. {Sample} and Pauline S. {Powledge} and Sumit {Roy} and Alexander {Mamishev}},
	 booktitle = {Proc. UbiComp},
	 pages_ ={495--506},
	 year = {2006},
	 address = "Orange County, CA, USA",
	 month = sep # " 17--21,"
}

@online{farsens_website,
	author = "Farsens",
	year = "2016",
	title = "Farsense Pyros-0373 Product Description",
	url = "http://www.farsens.com/en/products/pyros-0373",
	lastaccessed = "April 1, 2017"
}

@online{bio-thermo_website,
	author = "Destron Fearing",
	year = "2017",
	title = "Equine Microchips Product Website",
	url = "http://www.destronfearing.com/our-products/equine/index.html",
	lastaccessed = "April 1, 2017"
}

@online{epc_2016,
	author = "GS1",
	title = "{EPC} Radio-Frequency Identity Protocols Generation-2 {UHF} {RFID}",
	url = "http://www.gs1.org/sites/default/files/docs/epc/Gen2_Protocol_Standard.pdf",
	month = feb,
	year = "2016",
	note = "Version 2.0.1",
	lastaccessed = "April 5, 2017"
}

@online{lex,
	author = "Mike E. {Lesk} and Eric {Schmidt}",
	title = "Lex - A Lexical Analyzer Generator",
	year = "1975",
	url = "http://dinosaur.compilertools.net/lex/index.html",
	lastaccessed = "April 4, 2017"
}

@online{yacc,
	author = "Stephen C. {Johnson}",
	year = "1970",
	title = "Yacc: Yet Another Compiler-Compiler",
	url = "http://dinosaur.compilertools.net/yacc",
	lastaccessed = "April 4, 2017"
}

@online{wisp_website,
	author = "University of Washington",
	year = "2014",
	title = "WISP 5.0 Wiki",
	url = "http://wisp5.wikispaces.com",
	lastaccessed = "April 1, 2017"
	}

@online{nfc_wisp_website,
	author = "University of Washington and Disney Research",
	year = "2015",
	title = "NFC WISP Wiki",
	url = "https://nfc-wisp.wikispaces.com",
	lastaccessed = "April 1, 2017"
	}

@online{moo_website,
	author = "University of Michigan",
	year = "2011",
	title = "UMich Moo",
	url = "http://spqr.cs.umass.edu/moo",
	lastaccessed = "April 1, 2017"
	}

@article{thomas_jbcs_2012,
	author = "Stewart J. {Thomas} and Reid R. {Harrison} and Anthony {Leonardo} and Matthew S. {Reynolds}",
	title = "A Battery-Free Multichannel Digital {Neural/EMG} Telemetry System for Flying Insects",
	journal = IEEE_J_BCAS,
	volume = "6",
	number = "5",
	year = "2012",
	month = oct,
	pages_ = "424--435"
	}

@misc{zhang_techrep_2011,
	author = "Hong {Zhang} and Jeremy {Gummeson} and Benjamin {Ransford} and Kevin {Fu}",
	title = "{MOO}: A Batteryless Computational {RFID} and Sensing Platform",
	year = "2011",
	note = "Technical Report UM-CS-2011-020",
	url = "https://web.cs.umass.edu/publication/docs/2011/UM-CS-2011-020.pdf"
	}

@inproceedings{parks_sigcomm_2014,
	author = "Aaron N. {Parks} and Angli {Liu} and Shyamnath {Gollakota} and Joshua R. {Smith}",
	title = "Turbocharging Ambient Backscatter Communication",
	booktitle = "Proc. SIGCOMM",
	year = "2014",
	month = aug # " 17--22,",
	address = "Chicago, IL, USA",
	pages = "619--630",
	publisher = "ACM"
	}

@inproceedings{liu_sigcomm_2013,
	author = "Vincent {Liu} and Aaron {Parks} and Vamsi {Talla} and Shyamnath {Gollakota} and David {Wetherall} and Joshua R. {Smith}",
	title = "Ambient Backscatter: Wireless Communication Out of Thin Air",
	booktitle = "Proc. SIGCOMM",
	address = "Hong Kong, China",
	year = "2013",
	month = aug # " 12--16,",
	publisher = "ACM"
	}

@inproceedings{holleman_biocas_2008,
	author = "Jeremy {Holleman} and Dan {Yeager} and Richa {Prasad} and Joshua R. {Smith} and Brian {Otis}",
	title = "{NeuralWISP}: An Energy-Harvesting Wireless Neural Interface with 1-m Range",
	booktitle = "Proc. BioCAS",
	year = "2008",
	month = nov # " 20--22,",
	pages = "37--40",
	address = "Baltimore, MD, USA",
	publisher = "IEEE"
	}

@inproceedings{dementyev_rfid_2013,
	author = "Artem {Dementyev} and Joshua R. {Smith}",
	title = "A Wearable {UHF} {RFID}-based {EEG} System",
	booktitle = "Proc. RFID",
	year = "2013",
	pages = "1--7",
	month = {Apr. 30~--~May 2,},
	address = "Orlando, FL, USA",
	publisher = "IEEE"
	}

@inproceedings{naderiparizi_rfid_2015, 
	title = {{WISPCam}: A Battery-Free {RFID} Camera},
	author = {Saman {Naderiparizi} and Aaron N. {Parks} and Zerina {Kapetanovic} and Benjamin {Ransford} and Joshua R. {Smith}},
	booktitle = "Proc. RFID",
	month = sep # " 15--17,",
	pages = "166--173",
	year = "2015",
	address = {San Diego, CA, USA},
	publisher = "IEEE"
}

@article{huang:commag:2015,
	author = "Kaibin {Huang} and Xiangyun {Zhou}",
	title = "Cutting the Last Wires for Mobile Communications by Microwave Power Transfer",
	year = "2015",
	journal = IEEE_M_COM,
	month = jun,
	volume = "53",
	number = "6",
	pages = "86--93"
}

@article{bi:commag:2015,
	author = "Suzhi {Bi} and Chin Keong {Ho} and Rui {Zhang}",
	title = "Wireless Powered Communication: Opportunities and Challenges",
	journal = IEEE_M_COM,
	year = "2015",
	month = apr,
	volume = "53",
	number = "4",
	pages = "117--125",
}

@inproceedings{60ghz, 
	author = {Hao Gao and Marion K. Matters-Kammerer and Pieter Harpe and Dusan Milosevic and Arthur van Roermund and Jean-Paul Linnartz and Peter G.M. Baltus}, 
	booktitle = {Proc. ISCAS}, 
	title = "A 60-{GHz} Energy Harvesting Module with On-chip Antenna and Switch for Co-integration with {ULP} Radios in 65-nm {CMOS} with Fully Wireless mm-Wave Power Transfer Measurement",
	year = {2014},
	month = jun # " 1--5,",
	pages = {1640--1643},
	address= {Melbourne, Australia},
	publisher = "IEEE"
}

@book{booksmith2013,
	title = {Wirelessly Powered Sensor Networks and Computational RFID},
	author = {Joshua R. Smith},
	year = {2013},
	publisher = {Springer Verlag},
	address = "New York, NY, USA"
}

@article{rf_powered_computing_gollakota_2014,
	author = {Shyamnath Gollakota and Matthew Reynolds and Joshua Smith and David Wetherall},
	title = {The Emergence of {RF}-Powered Computing},
	journal = {Computer},
	volume = {47},
	number = {1},
	month = jan,
	year = {2014},
	pages = {32--39},
	publisher = {IEEE},
} 

@inproceedings{liu_ambient_2013,
	author = {Vincent Liu and Aaron Parks and Vamsi Talla and Shyamnath Gollakota and David Wetherall and Joshua R. Smith},
	title = {Ambient Backscatter: Wireless Communication out of Thin Air},
	booktitle = {Proc. SIGCOMM},
	year = {2013},
	address = {Hong Kong, China},
	pages = {39--50},
	publisher = {ACM},
	month = aug # " 12--16,"
}

@incollection{levis2005tinyos,
	title = {{TinyOS}: An operating system for sensor networks},
	author = {Philip Levis and Sam Madden and Joseph Polastre and Rober Szewczyk and Kamin Whitehouse and Alec Woo and David Gay and Jason Hill and Matt Welsh and Eric Brewer and David Culler},
	editor = "Werner Weber and Jan M. Tabaey and Emile Aarts",
	booktitle = {Ambient intelligence},
	pages = {115--148},
	year = {2005},
	publisher = {Springer},
	address = "Berlin, Germany"
}

@inproceedings{dunkels2004contiki,
	title = {Contiki - a Lightweight and Flexible Operating System for Tiny Networked Sensors},
	author = {Adam Dunkels and Bjorn Gronvall and Thiemo Voigt},
	booktitle = {Proc. LCN},
	pages = {455--462},
	year = {2004},
	address = "Tampa, FL, USA",
	month = nov # " 16--18,",
	publisher = {IEEE}
}

@inproceedings{gay2003nesc,
	title={The {nesC} Language: A Holistic Approach to Networked Embedded Systems},
	author = {David Gay and Philip Levis and Robert Von Behren and Matt Welsh and Eric Brewer and David Culler},
	booktitle = {Proc. PLDI},
	pages = {1--11},
	year = {2003},
	address = "San Diego, CA, USA",
	publisher = {ACM}
}

@inproceedings{ransford2012mementos,
	title = {Mementos: System Support for Long-running Computation on {RFID}-scale Devices},
	author = {Benjamin Ransford and Jacob Sorber and Kevin Fu},
	booktitle = {Proc. ASPLOS},
	pages = {159--170},
	year = {2011},
	month = mar # " 5--11,",
	address = "Newport Beach, CA, USA",
	publisher = {ACM}
}

@inproceedings{mottola2017harvos,
	title = {{HarvOS}: Efficient Code Instrumentation for Transiently-powered Embedded Devices},
	author = {Naveed Bhatti and Luca Mottola},
	booktitle = {Proc. IPSN},
	year = {2017},
	month = apr # " 18--21,",
	pages = "",
	address = "Pittsburgh, PA, USA",
	publisher = {ACM/IEEE}
}

@article{jayakumar2014quickrecall,
	author = "Hrishikesh {Jayakumar} and Arnab {Raha} and Woo Suk {Lee} and Vijay {Raghunathan}",
	title = "Quickrecall: A {HW/SW} Approach for Computing Across Power Cycles in Transiently Powered Computers",
	journal = "ACM J. Emerg. Technol. Comput. Syst.",
	volume = "12",
	pages = "8:1--8:19",
	number = "1",
	year = "2015",
	month = jul
	}

@article{balsamo2015hibernus,
	title={Hibernus: Sustaining Computation During Intermittent Supply for Energy-harvesting Systems},
	author = {Domenico Balsamo and Alex S. Weddell and Geoff V. Merrett and Bashir M. Al-Hashimi and Davide Brunelli and Luca Benini},
	journal = IEEE_J_ES,
	volume = {7},
	number = {1},
	month = mar,
	pages = {15--18},
	year = {2015},
	publisher = {IEEE}
}

@inproceedings{lucia_snapl_2017,
	title = {Intermittent Computing: Challenges and Opportunities},
	author = {Brandon Lucia and Vignesh Balaji and Alexei Colin and Kiwan Maeng and Emily Ruppel},
	booktitle = {Proc. SNAPL},
	pages = {},
	year = {2017},
	month = may # " 7--10,",
	address = "Alisomar, CA, USA",
	publisher = {}
}

@inproceedings{lucia2015simpler,
	title = {A simpler, Safer Programming and Execution Model for Intermittent Systems},
	author = {Brandon Lucia and Benjamin Ransford},
	booktitle = {Proc. PLDI},
	pages = {575--585},
	year = {2015},
	month = aug # " 13--17,",
	address = "Portland, OR, USA",
	publisher = {ACM}
}

@inproceedings{woude2016ratchet,
	author = {Joel Van Der Woude and Matthew Hicks},
	title = {Intermittent Computation Without Hardware Support or Programmer Intervention},
	booktitle = {Proc. OSDI},
	year = {2016},
	month = nov # " 2--4,",
	address = {Savannah, GA, USA},
	pages = {17--32},
	publisher = "ACM"
} 

@inproceedings{colin2016chain,
	author = {Alexei Colin and Brandon Lucia},
	title = {Chain: Tasks and Channels for Reliable Intermittent Programs},
	booktitle = {Proc. OOPSLA},
	year = {2016},
	month = {Oct. 30~--~Nov. 4,},
	address = {Amsterdam, Netherlands},
	pages = {514--530},
	publisher = "ACM"
}

@inproceedings{levis2012experiences,
	title = {Experiences from a Decade of {TinyOS} Development},
	author = {Philip Levis},
	booktitle = {Proc. OSDI},
	pages = {207--220},
	address = "Hollywood, CA, USA",
	month = oct # " 8--10,",
	year = {2012},
	publisher = "USENIX"
}

@article{hahm2016operating,
	title = {Operating Systems for Low-end Devices in the Internet of Things: A Survey},
	author = {Oliver Hahm and Emmanuel Baccelli and Hauke Petersen and Nicolas Tsiftes},
	journal = IEEE_J_IOT,
	volume = {3},
	number = {5},
	pages = {720--734},
	year = {2016},
	publisher = {IEEE}
}

@online{tool2001executable,
	author = {Tool Interface Standards Committee},
	title = {Tool Interface Standard (TIS) Executable and Linking Format (ELF) Specification version 1.2},
	journal = {Unix System Laboratories Specification},
	year = {1995},
	month = may,
	url = "http://refspecs.linuxbase.org/elf/elf.pdf",
	lastaccessed = "April 9, 2017"
}

@online{r1000_data_sheet,
	author = "{Impinj Inc.}",
	year = "2008",
	title = "Impinj Speedway {R1000} {RFID} Reader Data Sheet",
	url = "https://cdn.barcodesinc.com/themes/barcodesinc/pdf/Impinj/speedway.pdf",
	lastaccessed = "April 7, 2017"
	}
	
@online{circularAntenna,
	author = "Atlas RFID Store",
	title ="RFMAX Circular Polarity S9028PCRJ RFID Panel Antenna",
	year = "2016",
	url = "https://www.atlasrfidstore.com/rfmax-s9028pcrj-s8658prj-rhcp-indoor-rfid-antenna-fcc-etsi/",
	lastaccessed = "April 7, 2017"
}

@online{saleae_2017,
	author = "Saleae",
	title ="Saleae Logic Pro 16 Analyzer",
	year = "2017",
	url = "http://downloads.saleae.com/specs/Logic+Pro+16+Data+Sheet.pdf",
	lastaccessed = "April 9, 2017"
}

@online{tektronix,
	author = "Tektronix",
	title ="Tektronix TDS1002 Oscilloscope",
	year = "2005",
	url = "http://www.upc.edu/sct/documents_equipament/d_109_id-533.pdf",
	lastaccessed = "April 7, 2017"
}

@online{fet,
	author = "saleae",
	title ="MSP430 USB Debugging Interface",
	year = "2017",
	url = "http://www.ti.com/tool/msp-fet430uif",
	lastaccessed = "April 7, 2017"
}
