@incollection{levis2005tinyos,
  title={Tinyos: An operating system for sensor networks},
  author={Levis, Philip and Madden, Sam and Polastre, Joseph and Szewczyk, 
  Robert and Whitehouse, Kamin and Woo, Alec and Gay, David and Hill, Jason and 
  Welsh, Matt and Brewer, Eric and others},
  booktitle={Ambient intelligence},
  pages={115--148},
  year={2005},
  publisher={Springer}
}

@inproceedings{dunkels2004contiki,
	title={Contiki-a lightweight and flexible operating system for tiny 
	networked sensors},
	author={Dunkels, Adam and Gronvall, Bjorn and Voigt, Thiemo},
	booktitle={Local Computer Networks, 2004. 29th Annual IEEE International 
	Conference on},
	pages={455--462},
	year={2004},
	organization={IEEE}
}

@inproceedings{gay2003nesc,
	title={The nesC language: A holistic approach to networked embedded 
	systems},
	author={Gay, David and Levis, Philip and Von Behren, Robert and Welsh, Matt 
	and Brewer, Eric and Culler, David},
	booktitle={Acm Sigplan Notices},
	volume={38},
	number={5},
	pages={1--11},
	year={2003},
	organization={ACM}
}

@article{ransford2012mementos,
	title={Mementos: system support for long-running computation on RFID-scale 
	devices},
	author={Ransford, Benjamin and Sorber, Jacob and Fu, Kevin},
	journal={Acm Sigplan Notices},
	volume={47},
	number={4},
	pages={159--170},
	year={2012},
	publisher={ACM}
}

@inproceedings{jayakumar2014quickrecall,
	title={QuickRecall: A low overhead HW/SW approach for enabling computations 
	across power cycles in transiently powered computers},
	author={Jayakumar, Hrishikesh and Raha, Arnab and Raghunathan, Vijay},
	booktitle={2014 27th International Conference on VLSI Design and 2014 13th 
	International Conference on Embedded Systems},
	pages={330--335},
	year={2014},
	organization={IEEE}
}

@article{balsamo2015hibernus,
	title={Hibernus: Sustaining computation during intermittent supply for 
	energy-harvesting systems},
	author={Balsamo, Domenico and Weddell, Alex S and Merrett, Geoff V and 
	Al-Hashimi, Bashir M and Brunelli, Davide and Benini, Luca},
	journal={IEEE Embedded Systems Letters},
	volume={7},
	number={1},
	pages={15--18},
	year={2015},
	publisher={IEEE}
}

@inproceedings{lucia2015simpler,
	title={A simpler, safer programming and execution model for intermittent 
	systems},
	author={Lucia, Brandon and Ransford, Benjamin},
	booktitle={ACM SIGPLAN Notices},
	volume={50},
	number={6},
	pages={575--585},
	year={2015},
	organization={ACM}
}

@inproceedings{woude2016ratchet,
	author = {Van Der Woude, Joel and Hicks, Matthew},
	title = {Intermittent Computation Without Hardware Support or Programmer 
	Intervention},
	booktitle = {Proceedings of the 12th USENIX Conference on Operating Systems 
	Design and Implementation},
	series = {OSDI'16},
	year = {2016},
	location = {Savannah, GA, USA},
	pages = {17--32},
	numpages = {16},
} 

@inproceedings{colin2016chain,
	author = {Colin, Alexei and Lucia, Brandon},
	title = {Chain: Tasks and Channels for Reliable Intermittent Programs},
	booktitle = {Proceedings of the 2016 ACM SIGPLAN International Conference 
	on Object-Oriented Programming, Systems, Languages, and Applications},
	series = {OOPSLA 2016},
	year = {2016},
	location = {Amsterdam, Netherlands},
	pages = {514--530},
	numpages = {17},
	acmid = {2983995},
}

@inproceedings{levis2012experiences,
	title={Experiences from a Decade of TinyOS Development.},
	author={Levis, Philip},
	booktitle={OSDI},
	pages={207--220},
	year={2012}
}

@article{hahm2016operating,
	title={Operating systems for low-end devices in the internet of things: A 
	survey},
	author={Hahm, Oliver and Baccelli, Emmanuel and Petersen, Hauke and 
	Tsiftes, Nicolas},
	journal={IEEE Internet of Things Journal},
	volume={3},
	number={5},
	pages={720--734},
	year={2016},
	publisher={IEEE}
}