@STRING{IEEE_M_CAS= "{IEEE} Circuits Syst. Mag."}
@STRING{IEEE_O_CSTO = "{IEEE} Commun. Surveys Tuts."}
@STRING{IEEE_M_COM = "{IEEE} Commun. Mag."}
@STRING{IEEE_J_MC = "{IEEE} Trans. Mobile Comput."}
@STRING{IEEE_J_CAD = "{IEEE} Trans. Comput.-Aided Design Integr. Circuits Syst."}
@STRING{IEEE_J_ES = "{IEEE} Embedded Syst. Lett."}
@STRING{IEEE_J_IM = "{IEEE} Trans. Instrum. Meas."}
@STRING{IEEE_M_MICRO = "{IEEE} Micro"}
@STRING{IEEE_M_PVC = "{IEEE} Pervasive Comput."}
@STRING{IEEE_J_BCAS = "{IEEE} Trans. Biomed. Circuits Syst."}
@STRING{IEEE_J_PWRE = "{IEEE} Trans. Power Electron."}
@STRING{ACM_TOSN = "{ACM} Trans. Sen. Netw."}
@STRING{ACM_IMWUT = "Proc. {ACM} Interact. Mob. Wearable Ubiquitous Technol."}


@electronic{msp430datasheet,
	author = "{Texas Instruments Inc.}",
	year = "2017",
	month = mar,
	title = "{MSP430FR59xx} Mixed-Signal Microcontrollers ({Rev. F})",
	lastaccessed = "Jul. 26, 2017",
	url = "http://www.ti.com/lit/ds/symlink/msp430fr5969.pdf"
}

@inproceedings{mottola2017harvos,
	title = {{HarvOS}: Efficient Code Instrumentation for Transiently-powered Embedded Devices},
	author = {Naveed Bhatti and Luca Mottola},
	booktitle = {Proc. IPSN},
	year = {2017},
	month = apr # " 18--21,",
	pages = "",
	address = "Pittsburgh, PA, USA",
	publisher = {ACM/IEEE}
}

@inproceedings{su_date_2017,
	author = "Fang {Su} and Kaisheng {Ma} and Xueqing {Li} and Tongda {Wu} and Yongpan {Liu} and Vijaykrishnan {Narayanan}",
	title = "Nonvolatile Processors: Why is it Trending",
	booktitle = "Proc. DATE",
	month = mar # " 27--31,",
	year = "2017",
	publisher = "IEEE"
}

@electronic{hicks_mibench2_2016,
	author = "Matthew {Hicks}",
	year = "2016",
	month = oct,
	title = "MiBench port targeted at {IoT} devices",
	lastaccessed = "Jul. 23, 2017",
	url = "https://github.com/impedimentToProgress/MiBench2"
}

@inproceedings{zhao_rfid_2015,
	author = "Yi {Zhao} and Joshua R. {Smith} and Alanson {Sample}",
	title = "{NFC-WISP}: A Sensing and Computationally Enhanced Near-Field {RFID} Platform",
	booktitle = "Proc. RFID",
	address = "San Diego, CA, USA",
	month = apr # " 15--17,",
	year = "2015",
	publisher = "IEEE"	
}

@inproceedings{parks_sigcomm_2014,
	author = "Aaron N. {Parks} and Angli {Liu} and Shyamnath {Gollakota} and Joshua R. {Smith}",
	title = "Turbocharging Ambient Backscatter Communication",
	booktitle = "Proc. ACM SIGCOMM",
	year = "2014",
	month = aug # " 17--22,",
	address = "Chicago, IL, USA"
}

@article{talla_imwut_2017,
	author = "Vamsi {Talla} and Bryce {Kellogg} and Shyamnath {Gollakota} and Joshua R. {Smith}",
	title = "Battery-Free Cellphone",
	journal = ACM_IMWUT,
	year = "2017",
	volume = "1",
	number = "2",
	pages = "25:1--25:20",
	month = jun,
	publisher = "ACM"
}

@article{tictpl,
	author = "{Texas Instruments Inc.}",
	title = "Intelligent System State Restoration after Power Failure with Compute Through Power Loss Utility",
	year = "2016",
	lastaccessed = "Jul. 11, 2017",
	url = "http://www.ti.com/tool/tidm-fram-ctpl"
}

@electronic{medusa_farsens_2017,
	url = "http://www.farsens.com/en/products/medusa-m2233",
	title = "{Medusa-M2233} {UHF} {RFID} battery-free device",
	author = "Farsens",
	lastaccessed = "Jul. 11, 2017"
}

@article{paradiso_pvc_2005,
	author = "Joseph A. {Paradiso} and Thad {Starner}",
	journal = IEEE_M_PVC,
	title = "Energy scavenging for mobile and wireless electronics",
	year = "2005",
	volume = "4",
	number = "1",
	pages = "18--27",
	month = jan,
	publisher = "IEEE"
}

@inproceedings{holleman_biocas_2008,
	author = "Jeremy {Holleman} and Dan {Yeager} and Richa {Prasad} and Joshua R. {Smith} and Brian {Otis}",
	title = "{NeuralWISP}: An Energy-Harvesting Wireless Neural Interface with 1-m Range",
	booktitle = "Proc. IEEE BioCAS",
	year = "2008",
	month = nov # " 20--22,",
	address = "Baltimore, MD, USA",
	publisher = "IEEE"
}

@article{thomas_jbcs_2012,
	author = "Stewart J. {Thomas} and Reid R. {Harrison} and Anthony {Leonardo} and Matthew S. {Reynolds}",
	title = "A Battery-Free Multichannel Digital {Neural/EMG} Telemetry System for Flying Insects",
	journal = IEEE_J_BCAS,
	volume = "6",
	number = "5",
	year = "2012",
	month = oct,
	pages_ = "424--435"
}

@inproceedings{naderiparizi_rfid_2015, 
	title = {{WISPCam}: A Battery-Free {RFID} Camera},
	author = {Saman {Naderiparizi} and Aaron N. {Parks} and Zerina {Kapetanovic} and Benjamin {Ransford} and Joshua R. {Smith}},
	booktitle = "Proc. RFID",
	month = sep # " 15--17,",
	pages = "166--173",
	year = "2015",
	address = {San Diego, CA, USA},
	publisher = "IEEE"
}

@article{philipose_2005_pervasive,
	author = "Matthai {Philipose} and Joshua R. {Smith} and Bing {Jiang} and Alexander {Mamishev} and Sumit {Roy} and Kishor~{Sundara-Rajan}",
	title = "Battery-Free Wireless Identification and Sensing",
	journal = IEEE_M_PVC,
	volume = "4",
	number = "1",
	year = "2005",
	month_ = "Jan.--Mar.",
	pages = "37--45",
	publisher = "IEEE"
}

@article{rodriguez_tbcs_2015,
	author = "Saul {Rodriguez} and Stig {Ollmar} and Muhammad {Waqar} and Ana {Rusu}",
	title = "A Batteryless Sensor {ASIC} for Implantable Bio-impedance Applications",
	journal = IEEE_J_BCAS,
	volume = "10",
	number = "3",
	month = jun,
	pages = "533--544",
	year = "2016",
	publisher = "IEEE"
}

@inproceedings{liu_sigcomm_2013,
	author = "Vincent {Liu} and Aaron {Parks} and Vamsi {Talla} and Shyamnath {Gollakota} and David {Wetherall} and Joshua R. {Smith}",
	title = "Ambient Backscatter: Wireless Communication Out of Thin Air",
	booktitle = "Proc. ACM SIGCOMM",
	address = "Hong Kong, China",
	year = "2013",
	month = aug # " 12--16,",
}

@article{kistler_micro_2006,
	title = "Cell Multiprocessor Communication Network: Built for Speed",
	author = "Michael {Kistler} and Michael {Perrone} and Fabrizio {Petrini}",
	year = "2006",
	journal = IEEE_M_MICRO,
	pages = "10--23",
	volume = "26", 
	number = "3", 
	month = "May-Jun.",
	publisher = "IEEE"
}

@article{ongaro_pwre_2012, 
	author = {Fabio {Ongaro} and Stefano {Saggini} and Paolo {Mattavelli}}, 
	title = "{Li-Ion} Battery-Supercapacitor Hybrid Storage System for a Long Lifetime, Photovoltaic-Based Wireless Sensor Network", 
	journal = IEEE_J_PWRE, 
	volume = {27}, 
	number = {9}, 
	pages = {3944--3952},   
	month = sep,
	year = {2012},
	publisher = {IEEE}
}

@techreport{moo,
	title = {Moo: A Batteryless Computational {RFID} and Sensing Platform},
	author = {Hong {Zhang} and Jeremy {Gummeson} and Benjamin {Ransford} and Kevin {Fu}},
	institution = {UMass Amherst},
	number = "UM-CS-2011-020",
	url_ = "https://web.cs.umass.edu/publication/docs/2011/UM-CS-2011-020.pdf",
	year = {2011}
}

@electronic{eu_batteries_2016,
	title = "",
	author = "{European Commission}",
	url = "http://ec.europa.eu/environment/waste/batteries/index.htm",
	month = sep # " 9,",
	year = "2016",
	lastaccessed = "Jul. 10, 2017"
}

@electronic{wisp5,
	author = "",
	title = "{WISP}\,5.0 Firmware Git",
	url = "https://github.com/wisp/wisp5",
	year = "2014",
	lastaccessed = "Jul. 10, 2017"
}

@article{wisp,
	title = "Design of an {RFID}-based battery-free programmable sensing platform",
	author = "Alanson P. {Sample} and Daniel J. {Yeager} and Pauline S. {Powledge} and Alexander V. {Mamishev} and Joshua R. {Smith}",
	journal = IEEE_J_IM,
	volume = "57",
	number = "11",
	pages = "2608--2615",
	year = "2008",
	month = nov,
	publisher = {IEEE}
}

@electronic{wolverine,
	author = "{Texas Instruments Inc.}",
	title = "Overview for {MSP430FRxx} {FRAM}",
	url = "http://ti.com/wolverine",
	year = "2014",
	lastaccessed = "Jul. 10, 2017"
}

@inproceedings{nvp,
	title = "Architecture exploration for ambient energy harvesting nonvolatile processors",
	author = "Kaisheng {Ma} and Yang {Zheng} and Shuangchen {Li} and Karthik {Swaminathan} and Xueqing {Li} and Yongpan {Liu} and Jack {Sampson} and Yuan {Xie} and Vijaykrishnan {Narayanan}",
	booktitle = "Proc. HPCA",
	address = "Burlingame, CA, USA",
	month = feb  # " 7--11,",
	pages = "526--537",
	year = "2015",
	publisher = "IEEE"
}

@inproceedings{idetic,
	title = "{Idetic}: A high-level synthesis approach for enabling long computations on transiently-powered {ASICs}",
	author = "Azalia {Mirhoseini} and Ebrahim M. {Songhori} and Farinaz {Koushanfar}",
	booktitle = "Proc. PerCom",
	address = " San Diego, CA, USA",
	month = mar  # " 18--22,",
	pages = "216--224",
	year = "2013",
	publisher = "IEEE"
}

@inproceedings{ratchet,
	title = "Intermittent computation without hardware support or programmer intervention",
	author = "Joel {Van Der Woude} and Matthew {Hicks}",
	booktitle = "Proc. OSDI",
	month = nov  # " 2--4,",
	pages = "17--32",
	address = "Savannah, GA, USA",
	year = {2016},
	publisher = "USENIX"
}

@inproceedings{chain,
	title = "Chain: tasks and channels for reliable intermittent programs",
	author = "Alexei {Colin} and Brandon {Lucia}",
	booktitle = "Proc. OOPSLA",
 	month_ = {Oct. 30~--~Nov. 4,},
	address = "Amsterdam, The Netherlands",
	pages = {514--530},
	year = {2016},
	publisher = {ACM}
}

@inproceedings{alpaca,
	author = "Kiwan {Maeng} and Alexei {Colin} and Brandon {Lucia}",
	title = "Alpaca: Intermittent Execution without Checkpoints",
	month = oct  # " 22--27,",
	address = "Vancouver, BC, Canada",
	booktitle = "Proc. OOPSLA",
	year = "2017",
	publisher = "ACM"
}

@inproceedings{edb,
	title = "An energy-interference-free hardware-software debugger for intermittent energy-harvesting systems",
	author = "Alexei {Colin} and Graham {Harvey} and Brandon {Lucia} and Alanson P. {Sample}",
	booktitle = "Proc. ASPLOS",
	month = apr  # " 2--6,",
	address = "Atlanta, GA, USA",
	pages = {577--589},
	year = {2016},
	publisher = {ACM}
}

@inproceedings{mspcdino,
	title = "Nonvolatile memory is a broken time machine",
	author = "Benjamin {Ransford} and Brandon {Lucia}",
	booktitle = {Proc. MSPC},
	address = "Edinburgh, United Kingdom",
	month = jun  # " 13,",
	year = {2014},
	publisher = {ACM}
}

@inproceedings{dewdrop,
	title = "Dewdrop: an energy-aware runtime for computational {RFID}",
	author = "Michael {Buettner} and Ben {Greenstein} and David {Wetherall}",
	booktitle = {Proc. NSDI},
	address = "Boston, MA, USA",
 	month_ = {Mar. 30~--~Apr. 1,},
	pages = {197--210},
	year = {2011},
	publisher = "USENIX"
}

@article{hibernus,
	title = "{Hibernus}: Sustaining computation during intermittent supply for energy-harvesting systems",
	author = "Domenico {Balsamo} and Alex S. {Weddell} and Geoff V. {Merrett} and Bashir M. {Al-Hashimi} and Davide {Brunelli} and Luca {Benini}",
	journal = IEEE_J_ES,
	month = mar,
	volume = {7},
	number = {1},
	pages = {15--18},
	year = {2015},
	publisher = "IEEE"
}

@article{hibernusplusplus,
	title = "{Hibernus++}: a self-calibrating and adaptive system for transiently-powered embedded devices",
	author = "Domenico {Balsamo} and Alex S. {Weddell} and Anup {Das} and Alberto  Rodriguez {Arreola} and Davide {Brunelli} and Bashir M. {Al-Hashimi} and Geoff V. {Merrett} and Luca {Benini}",
	journal = IEEE_J_CAD,
	month = dec,
	volume = {35},
	number = {12},
	pages = {1968--1980},
	year = {2016},
	publisher = {IEEE}
}

@inproceedings{quickrecall,
	title = "{QuickRecall}: A Low Overhead {HW/SW} Approach for Enabling Computations across Power Cycles in Transiently Powered Computers",
	author = "Hrishikesh {Jayakumar} and Arnab {Raha} and Vijay {Raghunathan}",
	booktitle = {Proc. International Conference on Embedded Systems Design},
	month = jan  # " 5--9,",
	year = "2014",
	pages = {330--335},
	address = {Mumbai, India},
	publisher = "IEEE"
}

@inproceedings{dino,
	title = "A simpler, safer programming and execution model for intermittent systems",
	author = "Brandon {Lucia} and Benjamin {Ransford}",
	booktitle = "Proc. PLDI",
	address = "Portland, OR, US",
	year = "2015",
	month = jun # " 13--17,",
	publisher = {ACM}
}

@article{carrano_cst_2014,
	title = "Survey and Taxonomy of Duty Cycling Mechanisms in Wireless Sensor Networks",
	author = "Ricardo C. {Carrano} and Diego {Passos} and Luiz C. S. {Magalhaes}",
	journal = IEEE_O_CSTO,
	volume = "16",
	number = "1",
	pages = "181--194",
	month = "{First Quarter}",
	year = {2014},
	publisher = "IEEE"
}

@inproceedings{hicks_isca_2017,
	author = "Matthew {Hicks}",
	title = "Clank: Architectural Support for Intermittent Computation",
	booktitle = "Proc. ISCA",
	month = jun # " 24--28,",
	address = "Toronto, ON, Canada",
	year = "2017",
	publisher = "ACM"
}

@inproceedings{mementos,
	title = "Mementos: System support for long-running computation on {RFID}-scale devices",
	author = "Benjamin {Ransford} and Jacob {Sorber} and Kevin {Fu}",
	booktitle = "Proc. ASPLOS",
	address = "Newport Beach, CA, USA",
	month = mar # " 5--11,",
	pages = {159--170},
	year = {2012},
	publisher = {ACM}
}

@electronic{kicksat,
	author = "Zac {Manchester}",
	title ="KickSat",
	year = "2017",
	url = "http://zacinaction.github.io/kicksat",
	lastaccessed = "Jul. 7, 2017"
}

@article{bandodkar_electroanalysis_2015,
	author = "Amay J. {Bandodkar} and Wenzhao {Jia} and Joseph {Wang}",
	title = "Tattoo-Based Wearable Electrochemical Devices: A
	Review",
	pages = "562--572",
	journal = "Electroanalysis",
	month = mar,
	volume = "27",
	number = "3",
	year = "2015",
	publisher = "Wiley"
}

@article{soyata_csm_2016,
	title = "{RF} Energy Harvesting for Embedded Systems: A Survey of Tradeoffs and Methodology",
	author = "Tolga {Soyata} and Lucian {Copeland} and Wendi {Heinzelman}",
	year = "2016",
	volume = "16",
	number = "1",
	month = "First Quarter",
	pages = "22--57",
	journal = IEEE_M_CAS,
	publisher = "IEEE"
}

@inproceedings{tan_infocom_2016,
	author = "Jethro {Tan} and Przemys{\l}aw {Pawe{\l}czak} and Aaron {Parks} and Joshua R. {Smith}", 
	booktitle = "Proc. INFOCOM", 
	title = "Wisent: Robust Downstream Communication and Storage for Computational {RFIDs}", 
	year = "2016",
	pages = "1--9",
	month = apr # " 10--15,", 
	address = "San Francisco, CA, USA",
	publisher = "IEEE"
}

@article{prasad_comst_2014,
	title = "Reincarnation in the Ambiance: Devices and Networks with Energy Harvesting",
	author = "R. Venkatesha {Prasad} and Shruti {Devasenapathy} and Vijay S. {Rao} and Javad {Vazifehdan}",
	journal = IEEE_O_CSTO,
	year = "2014",
	volume = 11,
	number = "1",
	month = "First Quarter",
	pages = "195--213",
	publisher = "IEEE"
}

@article{gorlatova_tmc_2013,
	author = "Maria {Gorlatova} and Aya {Wallwater} and Gil {Zussman}",
	title = "Networking Low-Power Energy Harvesting Devices: Measurements and Algorithms",
	journal = IEEE_J_MC,
	volume = "12", 
	number = "9",
	month = sep, 
	year = "2013",
	pages = "1853--1865",
	publisher = "IEEE"
	
}

@article{gunduz_commag_2014,
	author = "Deniz {G\"{u}nd\"{u}z} and Kostas {Stamatiou} and Nicolo {Michelusi} and Michele {Zorzi}",
	title = "Designing intelligent energy harvesting communication systems",
	year = "2014",
	journal = IEEE_M_COM,
	month = jan,
	volume = "52",
	number = "1",
	pages = " 210--216",
	publisher = "IEEE"
}

@article{rf_powered_computing_gollakota_2014,
	author = "Shyamnath {Gollakota} and Matthew {Reynolds} and Joshua {Smith} and David {Wetherall}",
	title = "The Emergence of {RF}-Powered Computing",
	journal = "Computer",
	volume = "47",
	number = "1",
	month = jan,
	year = "2014",
	pages = "32--39",
	publisher = {IEEE}
} 

@inproceedings{lucia_snapl_2017,
	title = "Intermittent Computing: Challenges and Opportunities",
	author = "Brandon {Lucia} and Vignesh {Balaji} and Alexei {Colin} and Kiwan {Maeng} and Emily {Ruppel}",
	booktitle = "Proc. SNAPL",
	pages = {},
	year = {2017},
	month = may # " 7--10,",
	address = "Alisomar, CA, USA",
	publisher = {}
}

@inproceedings{gorlatova_sigmetrics_2014,
	title = "Movers and Shakers: Kinetic Energy Harvesting for the Internet of Things",
	author = "Maria {Gorlatova} and John {Sarik} and Guy {Grebla} and Mina {Cong} and Ioannis {Kymissis} and Gil {Zussman}",
	year = "2014",
	month = jun # " 16--20,",
	address = " Austin, TX, USA",
	booktitle = "Proc. SIGMETRICS",
	publisher = "ACM"
}

@inproceedings{margolies_infocom_2016,
	author = "Robert {Margolies} and Guy {Grebla} and Tingjun {Chen} and Dan {Rubenstein} and Gil {Zussman}",
	title = "Panda: Neighbor Discovery on a Power Harvesting Budget",
	year = "2016",
	address = "San Francisco, CA, USA",
	booktitle = "Proc. INFOCOM",
	month = apr # " 10--15,",
	publisher = "IEEE"
}

@article{margolies_tosn_2016,
	title = "Energy-Harvesting Active Networked Tags ({EnHANTs}): Prototyping
	and Experimentation",
	author = "Robert {Margolies} and Maria {Gorlatova} and John {Sarik} and Gerald {Stanje} and Jianxun {Zhu} adn Paul {Miller} and Marcin {Szczodrak} and Baradwaj {Vigraham} and Luca {Carloni} and Peter {Kinget} and Ioannis {Kymissis} and Gil {Zussman}",
	year = "2015",
	month = nov,
	volume = "11",
	number = "4",
	journal = ACM_TOSN,	
	pages = "62:1--62:27",
	publisher = "ACM"
}

@article{ku_cst_2016,
	author = "Meng-Lin {Ku} and Wei {Li} and Yan {Chen} and K. J. Ray {Liu}",
	title = "Advances in Energy Harvesting Communications: Past, Present, and Future Challenges",
	pages = " 1384--1412",
	journal = IEEE_O_CSTO,
	volume = "18",
	number = "2",
	month = "Second Quarter",
	year = "2016",
	publisher = "IEEE"
}

@article{nadeau_naturebio_2017,
	author = "Phillip {Nadeau} and Dina {El-Damak} and Dean {Glettig} and Yong Lin {Kong} and Stacy {Mo} and Cody {Cleveland} and Lucas {Booth} and Niclas {Roxhed} and Robert {Langer} and Anantha P. {Chandrakasan} and Giovanni {Traverso}",
	volume = "1",
	number = "22",
	month = feb # " 6,",
	pages = "1--8",
	journal = "Nature Biomedical Engineering",
	title = "Prolonged energy harvesting for ingestible devices",
	year = "2017",
	publisher = "Macmillan Publishers Ltd."
}

@misc{forth,
	author={{FORTH, Inc.}},
	title={{Forth - SwiftX for Embedded Systems Developers}},
	howpublished={\url{http://forth.com/embedded}},
	year={2015}
}

@article{rsa,
	title={A method for obtaining digital signatures and public-key cryptosystems},
	author={Rivest, Ronald L and Shamir, Adi and Adleman, Leonard},
	journal={Communications of the ACM},
	volume={21},
	number={2},
	pages={120--126},
	year={1978},
	publisher={ACM}
}

@inproceedings{wholesystempersistence,
	author = {Dushyanth Narayanan and Orion Hodson},
	title = {Whole-system Persistence with Non-volatile Memories},
	booktitle = {ASPLOS},
	month = Mar,
	year = 2012
}
@inproceedings{m3,
	title={A modular 1mm 3 die-stacked sensing platform with optical communication and multi-modal energy harvesting},
	author={Lee, Yoonmyung and Kim, Gyouho and Bang, Suyoung and Kim, Yejoong and Lee, Inhee and Dutta, Prabal and Sylvester, Dennis and Blaauw, David},
	booktitle={Solid-State Circuits Conference Digest of Technical Papers (ISSCC), 2012 IEEE International},
	pages={402--404},
	year={2012},
	organization={IEEE}
}

@inproceedings{edbcases,
	author = {Colin, Alexei and Sample, Alanson P. and Lucia, Brandon},
	title = {Energy-interference-free System and Toolchain Support for Energy-harvesting Devices},
	booktitle = {Proceedings of the 2015 International Conference on Compilers, Architecture and Synthesis for Embedded Systems},
	series = {CASES '15},
	year = {2015},
	isbn = {978-1-4673-8320-2},
	location = {Amsterdam, The Netherlands},
	pages = {35--36},
	numpages = {2},
	url = {http://dl.acm.org/citation.cfm?id=2830689.2830695},
	acmid = {2830695},
	publisher = {IEEE Press},
	address = {Piscataway, NJ, USA},
} 

@inproceedings{cilk,
	author = {Blumofe, Robert D. and Joerg, Christopher F. and Kuszmaul, Bradley C. and Leiserson, Charles E. and Randall, Keith H. and Zhou, Yuli},
	title = {Cilk: An Efficient Multithreaded Runtime System},
	booktitle = {Proceedings of the Fifth ACM SIGPLAN Symposium on Principles and Practice of Parallel Programming},
	series = {PPOPP '95},
	year = {1995},
	isbn = {0-89791-700-6},
	location = {Santa Barbara, California, USA},
	pages = {207--216},
	numpages = {10},
	url = {http://doi.acm.org/10.1145/209936.209958},
	doi = {10.1145/209936.209958},
	acmid = {209958},
	publisher = {ACM},
	address = {New York, NY, USA},
} 

@inproceedings{idempotent2,
	title={Static analysis and compiler design for idempotent processing},
	author={De Kruijf, Marc A and Sankaralingam, Karthikeyan and Jha, Somesh},
	booktitle={ACM SIGPLAN Notices},
	volume={47},
	number={6},
	pages={475--486},
	year={2012},
	organization={ACM}
}

@inproceedings{conair,
	title={ConAir: Featherweight concurrency bug recovery via single-threaded idempotent execution},
	author={Zhang, Wei and De Kruijf, Marc and Li, Ang and Lu, Shan and Sankaralingam, Karthikeyan},
	booktitle={ACM SIGARCH Computer Architecture News},
	volume={41},
	number={1},
	pages={113--126},
	year={2013},
	organization={ACM}
}

@inproceedings{embeddedtmenergy,
	author = {Cesare Ferri and Amber Viescas and Tali Moreshet and Iris Bahar and Maurice Herlihy},
	title = {Energy Implications of Transactional Memory for Embedded Architectures},
	booktitle= {Workshop on Exploiting Parallelism with Transactional Memory and other Hardware Assisted Methods (EPHAM'08)},
	month = Apr,
	year = {2008}
}

@article{phonefalldetection,
	author = {Dai, Jiangpeng and Bai, Xiaole and Yang, Zhimin and Shen, Zhaohui and Xuan, Dong},
	title = {Mobile Phone-based Pervasive Fall Detection},
	journal = {Personal Ubiquitous Computing},
	issue_date = {October 2010},
	volume = {14},
	number = {7},
	month = oct,
	year = {2010},
	doi = {http://dx.doi.org/10.1007/s00779-010-0292-x},
} 


@inproceedings{ingen,
	author = {Badshah, Akash and Gupta, Sidhant and Cohn, Gabe and Villar, Nicolas and Hodges, Steve and Patel, Shwetak N.},
	title = {Interactive Generator: A Self-powered Haptic Feedback Device},
	booktitle = {Proceedings of the SIGCHI Conference on Human Factors in Computing Systems},
	series = {CHI '11},
	year = {2011},
	location = {Vancouver, BC, Canada},
	pages = {2051--2054},
	numpages = {4},
	doi = {http://dx.doi.org/10.1145/1978942.1979240},
	acmid = {1979240},
	publisher = {ACM},
	address = {New York, NY, USA},
	keywords = {force feedback, haptics, human-powered, remote control, self-powered, tactile feedback, user interface device},
} 

@inproceedings{stm,
	author = {Shavit, Nir and Touitou, Dan},
	title = {Software Transactional Memory},
	booktitle = {Proceedings of the Fourteenth Annual ACM Symposium on Principles of Distributed Computing},
	year = {1995},
	pages = {204--213},
	publisher = {ACM},
} 

@inproceedings{mnemosyne,
	title={Mnemosyne: Lightweight persistent memory},
	author={Volos, Haris and Tack, Andres Jaan and Swift, Michael M},
	booktitle={ACM SIGARCH Computer Architecture News},
	volume={39},
	number={1},
	pages={91--104},
	year={2011},
	organization={ACM}
}

@article{nvheaps,
	title={NV-Heaps: making persistent objects fast and safe with next-generation, non-volatile memories},
	author={Coburn, Joel and Caulfield, Adrian M and Akel, Ameen and Grupp, Laura M and Gupta, Rajesh K and Jhala, Ranjit and Swanson, Steven},
	journal={ACM Sigplan Notices},
	volume={46},
	number={3},
	pages={105--118},
	year={2011},
	publisher={ACM}
}

@inproceedings{bailey:hotos11,
	author    = {Katelin Bailey and Luis Ceze and Steven D. Gribble and
		Henry M. Levy},
	title     = {Operating System Implications of Fast, Cheap, Non-Volatile
		Memory},
	booktitle = {Workshop on Hot Topics in Operating Systems (HotOS)},
	month = May,
	year = 2011
}

@inproceedings{contiki,
	author    = {Adam Dunkels and Bj\"orn Gr\"onvall and Thiemo Voigt},
	title     = {Contiki---a Lightweight and Flexible Operating System for Tiny
		Networked Sensors},
	booktitle = {Proc. First IEEE Workshop on Embedded Networked Sensors
		(Emnets-I)},
	year      = 2004,
	month     = Nov,
	ee        = {\url{http://www.sics.se/~adam/dunkels04contiki.pdf}}
}

@inproceedings{czeskis:handshakes,
	author    = {Alexei Czeskis and Karl Koscher and Joshua R. Smith and
		Tadayoshi Kohno},
	title     = {{RFIDs} and secret handshakes: defending against ghost-and-leech
		attacks and unauthorized reads with context-aware communications},
	booktitle = {ACM Conference on Computer and Communications Security (CCS)},
	month     = Oct,
	year      = 2008,
	doi       = {http://dx.doi.org/10.1145/1455770.1455831}
}

@inproceedings{resilient-x10,
	author = {David Cunningham and David Grove and Benjamin Herta and
		Arun Iyengar and Kiyokuni Kawachiya and Hiroki Murata and
			Vijay Saraswat and Mikio Takeuchi and Olivier Tardieu},
	title = {Resilient X10: Efficient failure-aware programming},
	booktitle = {Proc. 19th ACM SIGPLAN Symposium on Principles and
		Practice of Parallel Programming (PPoPP)},
	month = Feb,
	year = 2014
}

@inproceedings{pm,
	title={Memory persistency},
	author={Pelley, Steven and Chen, Peter M and Wenisch, Thomas F},
	booktitle={Computer Architecture (ISCA), 2014 ACM/IEEE 41st International Symposium on},
	pages={265--276},
	year={2014},
	organization={IEEE}
}

@article{pm2,
	title={Memory Persistency: Semantics for Byte-Addressable Nonvolatile Memory Technologies},
	author={Pelley, Steven and Chen, Peter M and Wenisch, Thomas F},
	journal={IEEE Micro},
	volume={35},
	number={3},
	pages={125--131},
	year={2015},
	publisher={IEEE}
}

@inproceedings{bpfs,
	title={Better I/O through byte-addressable, persistent memory},
	author={Condit, Jeremy and Nightingale, Edmund B and Frost, Christopher and Ipek, Engin and Lee, Benjamin and Burger, Doug and Coetzee, Derrick},
	booktitle={Proceedings of the ACM SIGOPS 22nd symposium on Operating systems principles},
	pages={133--146},
	year={2009},
	organization={ACM}
}
@article{memorymodels,
	author = {Adve, Sarita V. and Boehm, Hans-J.},
	title = {Memory Models: A Case for Rethinking Parallel Languages and Hardware},
	journal = {Commun.\ ACM},
	issue_date = {August 2010},
	volume = {53},
	number = {8},
	month = Aug,
	year = {2010},
	doi = {http://dx.doi.org/10.1145/1787234.1787255}
}

@inproceedings{tcc,
	title={Transactional memory coherence and consistency},
	author={Hammond, Lance and Wong, Vicky and Chen, Mike and Carlstrom, Brian D and Davis, John D and Hertzberg, Ben and Prabhu, Manohar K and Wijaya, Honggo and Kozyrakis, Christos and Olukotun, Kunle},
	booktitle={ACM SIGARCH Computer Architecture News},
	volume={32},
	number={2},
	pages={102},
	year={2004},
	organization={IEEE Computer Society}
}

@inproceedings{bulksc,
	author = {Luis Ceze and James Tuck and Pablo Montesinos and Josep Torrellas},
	title = {{BulkSC}: Bulk Enforcement of Sequential Consistency},
	booktitle = {ISCA},
	month = Jun,
	year = 2007
}

@inproceedings{pmfs,
	title={System software for persistent memory},
	author={Dulloor, Subramanya R and Kumar, Sanjay and Keshavamurthy, Anil and Lantz, Philip and Reddy, Dheeraj and Sankaran, Rajesh and Jackson, Jeff},
	booktitle={Proceedings of the Ninth European Conference on Computer Systems},
	pages={15},
	year={2014},
	organization={ACM}
}

@inproceedings{cdds,
	title={Consistent and Durable Data Structures for Non-Volatile Byte-Addressable Memory.},
	author={Venkataraman, Shivaram and Tolia, Niraj and Ranganathan, Parthasarathy and Campbell, Roy H and others},
	booktitle={FAST},
	volume={11},
	pages={61--75},
	year={2011}
}

@article{ortho,
	author = {Atkinson, Malcolm and Morrison, Ronald},
	title = {Orthogonally Persistent Object Systems},
	journal = {The VLDB Journal},
	volume = {4},
	number = {3},
	month = jul,
	year = 1995
}

@inproceedings{pjama-struggles,
	booktitle={Intl. Conf. Database Theory (ICDT)},
	title={Issues Raised by Three Years of Developing {PJama}: An Orthogonally Persistent Platform for {Java}},
	author={Atkinson, Malcolm and Jordan, Mick},
	month=jan,
	year=1999
}

@inproceedings{concurrency-fly,
	author = {Blackburn, Stephen and Zigman, John N.},
	title = {Concurrency -- The Fly in the Ointment?},
	booktitle = {3rd Intl. Workshop on Persistence and Java (PJW3)},
	month = Sep,
	year = 1999,
}

@book{gray92,
	title={Transaction processing: concepts and techniques},
	author={Gray, Jim and Reuter, Andreas},
	year={1992},
	publisher={Elsevier}
}

@book{agha86,
	address = {Cambridge, Mass},
	title = {Actors: a model of concurrent computation in distributed systems},
	publisher = {MIT Press},
	author = {Agha, Gul A.},
	year = {1986}
}

@inproceedings{medusa,
	author = {Barr, Thomas W. and Rixner, Scott},
	title = {Medusa: Managing Concurrency and Communication in Embedded Systems},
	booktitle = {Proceedings of the 2014 USENIX Conference on USENIX Annual Technical Conference},
	series = {USENIX ATC'14},
	year = {2014},
	location = {Philadelphia, PA},
	pages = {439--450},
	publisher = {USENIX Association},
	address = {Berkeley, CA, USA}
} 

@inproceedings{spot,
	author = {Bocchino, Robert L. and Gamble, Edward and Gostelow, Kim P. and Some, Raphael R.},
	title = {Spot: A Programming Language for Verified Flight Software},
	booktitle = {Proceedings of the 2014 ACM SIGAda Annual Conference on High Integrity Language Technology},
	series = {HILT '14},
	year = {2014},
	location = {Portland, Oregon, USA},
	pages = {97--102},
	publisher = {ACM},
	address = {New York, NY, USA}
}
@book{tm,
	title={Transactional memory: Architectural support for lock-free data structures},
	author={Herlihy, Maurice and Moss, J Eliot B},
	volume={21},
	number={2},
	year={1993},
	publisher={ACM}
}

@inproceedings{atomos,
	address = {New York, NY, USA},
	series = {{PLDI} '06},
	title = {The {Atomos} {Transactional} {Programming} {Language}},
	booktitle = {Proceedings of the 27th {ACM} {SIGPLAN} {Conference} on {Programming} {Language} {Design} and {Implementation}},
	publisher = {ACM},
	author = {Carlstrom, Brian D. and McDonald, Austen and Chafi, Hassan and Chung, JaeWoong and Minh, Chi Cao and Kozyrakis, Christos and Olukotun, Kunle},
	year = {2006},
	pages = {1--13}
}

@article{nvp2,
	title={Nonvolatile processor architecture exploration for energy-harvesting applications},
	author={Ma, Kaisheng and Li, Xueqing and Li, Shuangchen and Liu, Yongpan and Sampson, John Jack and Xie, Yuan and Narayanan, Vijaykrishnan},
	journal={IEEE Micro},
	volume={35},
	number={5},
	pages={32--40},
	year={2015},
	publisher={IEEE}
}

@article{wisentinfocomm17,
	title={Fast Downstream to Many (Computational) RFIDs},
	author={Aantjes, Henko and Majid, Amjad Y and Pawelczak, Przemyslaw and Tan, Jethro and Parks, Aaron and Smith, Joshua R},
	journal={Proc. IEEE},
	year={2017},
	publisher={IEEE}
}

@inproceedings{wisent,
	title={Wisent: Robust downstream communication and storage for computational RFIDs},
	author={Tan, Jethro and Pawe{\l}czak, Przemys{\l}aw and Parks, Aaron and Smith, Joshua R},
	booktitle={Computer Communications, IEEE INFOCOM 2016-The 35th Annual IEEE International Conference on},
	pages={1--9},
	year={2016},
	organization={IEEE}
}

@article{chandy1972,
	title={Rollback and recovery strategies for computer programs},
	author={Chandy, K Mani and Ramamoorthy, Chimoor V},
	journal={IEEE Transactions on computers},
	volume={100},
	number={6},
	pages={546--556},
	year={1972},
	publisher={IEEE}
}

@inproceedings{bashiri2006,
	title={A checkpointing technique for rollback error recovery in embedded systems},
	author={Bashiri, Mohsen and Miremadi, Seyed Ghassem and Fazeli, Mahdi},
	booktitle={Microelectronics, 2006. ICM'06. International Conference on},
	pages={174--177},
	year={2006},
	organization={IEEE}
}

@inproceedings{mitbutton,
	title={A compact, wireless, self-powered pushbutton controller},
	author={Paradiso, Joseph A and Feldmeier, Mark},
	booktitle={International Conference on Ubiquitous Computing},
	pages={299--304},
	year={2001},
	organization={Springer}
}

@inproceedings{papergenerators,
	title={Paper generators: harvesting energy from touching, rubbing and sliding},
	author={Karagozler, Mustafa Emre and Poupyrev, Ivan and Fedder, Gary K and Suzuki, Yuri},
	booktitle={Proceedings of the 26th annual ACM symposium on User interface software and technology},
	pages={23--30},
	year={2013},
	organization={ACM}
}

@inproceedings{idempotent,
	title={Idempotent code generation: Implementation, analysis, and evaluation},
	author={De Kruijf, Marc and Sankaralingam, Karthikeyan},
	booktitle={Proceedings of the 2013 IEEE/ACM International Symposium on Code Generation and Optimization (CGO)},
	pages={1--12},
	year={2013},
	organization={IEEE Computer Society}
}

@inproceedings{moraru2013,
	title={Consistent, durable, and safe memory management for byte-addressable non volatile main memory},
	author={Moraru, Iulian and Andersen, David G and Kaminsky, Michael and Tolia, Niraj and Ranganathan, Parthasarathy and Binkert, Nathan},
	booktitle={Proceedings of the First ACM SIGOPS Conference on Timely Results in Operating Systems},
	pages={1},
	year={2013},
	organization={ACM}
}

@inproceedings{wrap,
	title={WrAP: Managing byte-addressable persistent memory},
	author={Doshi, Kshitij and Varman, Peter},
	booktitle={Memory Archiecture and Organization Workshop.(MeAOW)},
	year={2012}
}

@inproceedings{mibench,
	title={MiBench: A free, commercially representative embedded benchmark suite},
	author={Guthaus, Matthew R and Ringenberg, Jeffrey S and Ernst, Dan and Austin, Todd M and Mudge, Trevor and Brown, Richard B},
	booktitle={Workload Characterization, 2001. WWC-4. 2001 IEEE International Workshop on},
	pages={3--14},
	year={2001},
	organization={IEEE}
}

@inproceedings{mcrt,
	title={McRT-STM: a high performance software transactional memory system for a multi-core runtime},
	author={Saha, Bratin and Adl-Tabatabai, Ali-Reza and Hudson, Richard L and Minh, Chi Cao and Hertzberg, Benjamin},
	booktitle={Proceedings of the eleventh ACM SIGPLAN symposium on Principles and practice of parallel programming},
	pages={187--197},
	year={2006},
	organization={ACM}
}

@inproceedings{zebranet,
	title={Energy-efficient computing for wildlife tracking: Design tradeoffs and early experiences with ZebraNet},
	author={Juang, Philo and Oki, Hidekazu and Wang, Yong and Martonosi, Margaret and Peh, Li Shiuan and Rubenstein, Daniel},
	booktitle={ACM Sigplan Notices},
	volume={37},
	number={10},
	pages={96--107},
	year={2002},
	organization={ACM}
}

@misc{catalog,
	author = {{TI Inc.}},
	title = {Products for MSP430FRxx FRAM},
	howpublished = {\url{http://www.ti.com/lsds/ti/microcontrollers-16-bit-32-bit/msp/ultra-low-power/msp430frxx-fram/products.page}},
	year={2017},
	note = {Accessed: 2017-04-08}
}

@inproceedings{onetm,
	title={Making the fast case common and the uncommon case simple in unbounded transactional memory},
	author={Blundell, Colin and Devietti, Joe and Lewis, E Christopher and Martin, Milo MK},
	booktitle={ACM SIGARCH Computer Architecture News},
	volume={35},
	number={2},
	pages={24--34},
	year={2007},
	organization={ACM}
}

@inproceedings{tl2,
	title={Transactional locking II},
	author={Dice, Dave and Shalev, Ori and Shavit, Nir},
	booktitle={International Symposium on Distributed Computing},
	pages={194--208},
	year={2006},
	organization={Springer}
}

@inproceedings{ekho,
	title={Ekho: bridging the gap between simulation and reality in tiny energy-harvesting sensors},
	author={Zhang, Hong and Salajegheh, Mastooreh and Fu, Kevin and Sorber, Jacob},
	booktitle={Proceedings of the 4th Workshop on Power-Aware Computing and Systems},
	pages={9},
	year={2011},
	organization={ACM}
}

@inproceedings{eon,
	title={Eon: a language and runtime system for perpetual systems},
	author={Sorber, Jacob and Kostadinov, Alexander and Garber, Matthew and Brennan, Matthew and Corner, Mark D and Berger, Emery D},
	booktitle={Proceedings of the 5th international conference on Embedded networked sensor systems},
	pages={161--174},
	year={2007},
	organization={ACM}
}

@inproceedings{ufop,
	title={Tragedy of the Coulombs: Federating energy storage for tiny, intermittently-powered sensors},
	author={Hester, Josiah and Sitanayah, Lanny and Sorber, Jacob},
	booktitle={Proceedings of the 13th ACM Conference on Embedded Networked Sensor Systems},
	pages={5--16},
	year={2015},
	organization={ACM}
}

@inproceedings{toshibachainfram,
	title={A sub-40 ns random-access chain FRAM architecture with a 768 cell-plate-line drive},
	author={Takashima, Daisaburo and Shuto, S and Kunishima, I and Takenaka, H and Oowaki, Y and Tanaka, S},
	booktitle={Solid-State Circuits Conference, 1999. Digest of Technical Papers. ISSCC. 1999 IEEE International},
	pages={102--103},
	year={1999},
	organization={IEEE}
}
